@article{sanjay11,
	author = {{Sanjay P. Ahuja and Amit Patelo}},
	title = {{Enterprise Service Bus: A Performance Evaluation}},
	year = 2011,
	journal = {{Communications and Network, Vol. 3 No. 3}}
}